@article{gerck1998overview,
  title={Overview of Certification Systems: X. 509, CA, PGP and SKIP},
  author={Gerck, Ed},
  pages={15},
  year={1998},
  URL={http://www.blackhat.com/presentations/bh-usa-99/EdGerck/certover.pdf}
}

@book{skip2010user,
  title={SunScreen SKIP User's Guide, Release 1.1},
  author={Oracle},
  year={2010},
  URL={http://docs.oracle.com/cd/E19957-01/805-5743/6j5dvnrfs/index.html}
}
