@book{
	baker1998limits,
	title="The limits of trust: cryptography, governments, and electronic commerce",
 	author="Baker, Stewart Abercrombie and Hurst, Paul R",
  	year="1998",
  	publisher="Kluwer Law Intl"
}